2214 4028
458 229 596 308 ...Ὺ
649 226 749 285 ..¹0-

120 388 250 452 ceribus
271 384 482 457 sedulitatem
507 382 640 467 barbare
660 383 795 469 gentiana
817 408 924 449 eorum
946 382 1041 454 obeu-
1082 446 1088 463 ,

120 496 178 554 los
200 504 231 552 et
252 491 446 553 vinnulorum
472 489 571 551 nudor
590 488 763 551 ludibunda
783 490 923 571 solvens,
944 495 1041 585 longe

126 595 226 658 vincit
247 595 361 656 Protea
382 589 597 654 versabilitate.

184 727 401 803 Momentum
430 725 594 816 notarum,
629 761 704 822 quas
730 732 903 825 pedioellua
931 734 1040 827 eaptu-

120 849 171 909 lae
195 845 301 918 offert,
321 842 605 931 Wablenberg
627 842 768 905 ostendit.
814 844 911 929 ·.Ejue
936 846 1040 933 lougi-

118 953 201 1013 tudo
230 950 267 1010 ad
295 938 482 1037 nectariiun,
512 949 599 1033 quod
625 970 785 1033 nunquam
817 946 917 1025 deest,
944 953 1039 1015 modo

118 1079 278 1141 perquam
308 1052 458 1115 oonit'aoli
476 1073 550 1141 ¹aeae
580 1050 695 1129 refert,
727 1050 832 1135 paucio
859 1062 976 1125 tantum
1005 1050 1038 1125 in

121 1158 290 1242 speciebus
312 1159 405 1241 paulo
426 1158 557 1220 varians.
618 1154 682 1220 Sed
714 1148 759 1216 ad'
772 1154 856 1216 iente
875 1154 1040 1243 observari·

127 1266 186 1325 doe
209 1262 261 1323 bos
290 1256 460 1344 pedieellos
489 1261 595 1345 planta
624 1258 693 1321 viva
718 1256 956 1342 contemplanda
976 1244 1038 1340 eii,

124 1380 155 1428 et
187 1364 311 1449 quidem
348 1385 385 1425 eo
414 1364 564 1448 temporis
598 1362 773 1440 momento,
809 1363 864 1426 ubi
900 1368 1039 1430 orarium

86 1535 89 1539 ‚
119 1471 155 1533 in
190 1453 437 1555 magnitudinem
475 1469 616 1551 capsulae
642 1468 706 1551 jam
745 1458 911 1546 eueerevit,
949 1474 1039 1555 quod

120 1576 223 1659 paulo
270 1585 345 1655 post
389 1568 649 1635 deflorescentiam
685 1568 752 1633 fieri
793 1573 888 1651 eolet3
923 1575 973 1637 vel
1004 1572 1039 1651 iu

125 1675 274 1737 exsiccata
309 1675 412 1759 speeie
446 1674 501 1736 tibi
540 1677 678 1737 nondum
717 1676 788 1737 eatis
829 1679 972 1764 cognita,
1010 1682 1038 1746 ri

121 1782 185 1842 boo
209 1794 352 1864 respectu
376 1777 507 1842 serutari
527 1778 582 1853 vie,
604 1790 726 1862 partem
749 1783 860 1842 amenti
879 1776 1039 1847 foeminini

119 1908 203 1970 aqua
224 1886 360 1947 fervente
380 1882 504 1944 mollior
519 1903 642 1945 neeesse
663 1895 725 1959 est3
746 1882 900 1946 mollitam
922 1878 1036 1953 deinde

119 1990 203 2051 inter
218 1990 348 2051 chartam
366 1987 444 2049 bene
454 1984 593 2050 bibulam
604 2008 715 2069 parum
724 2008 839 2070 prema,
859 2002 889 2052 et
903 2003 977 2055 tuno
987 1978 1037 2056 de·

121 2117 210 2155 mum
229 2093 267 2153 ad
285 2091 504 2174 inquirendum
532 2112 668 2181 Ριιςι.Ι
690 2091 724 2152 ln
754 2092 863 2183 planta
890 2060 1065 2161 exaiooala.

118 2195 295 2282 pedieellus
335 2207 396 2254 tam
433 2192 557 2289 fragilia
587 2206 649 2270 eet,
679 2210 715 2259 ut
744 2194 776 2254 ἰιι
814 2197 930 2279 analyai
965 2222 1037 2263 raro

118 2303 242 2386 integer
281 2310 493 2376 conservetur,
535 2300 635 2365 multo
677 2299 775 2384 rariua
815 2300 923 2366 illaesa
966 2326 1037 2367 curn

86 2395 102 2413 ”
118 2417 256 2464 nectario
284 2423 349 2463 non
384 2402 486 2487 min'ue
519 2401 623 2495 fragili
659 2404 885 2469 coniunctione
946 2400 1036 2472 Prae-

117 2522 205 2570 terea
241 2506 289 2568 hic
326 2482 535 2567 adnotandum
570 2520 632 2581 eet,
662 2522 781 2570 amenta
813 2512 961 2595 reperiri,
1001 2514 1036 2576 iu

120 2611 238 2696 quibus
272 2609 419 2672 nonnulli
449 2608 561 2679 florum
592 2610 774 2675 inferiorum
803 2616 903 2677 multo
937 2638 1036 2677 remo

119 2716 182 2776 tius
219 2712 272 2775 siti
305 2728 385 2776 aunt.
446 2714 481 2776 ln
517 2714 564 2776 hia
602 2715 778 2803 pedioellua
810 2739 901 2801 saepe
937 2708 1035 2801 paulo

77 2832 87 2855 ⁸
117 2816 254 2899 longior
282 2828 342 2892 eet,
354 2832 401 2881 et
435 2821 579 2903 oapaulae
605 2818 721 2881 ibidem
749 2835 822 2882 eunt
848 2821 1036 2905 plerumque

123 2918 357 3006 gracilioreal'

202 3078 264 3141 lam
284 3101 381 3165 supra
402 3079 482 3155 dixi,
503 3080 621 3162 apeoiea
644 3078 770 3140 saliuam
791 3080 903 3140 mirum
920 3078 952 3141 in
964 3102 1034 3147 nno

117 3185 194 3246 dum
208 3185 336 3260 variare,
347 3204 411 3267 quo
428 3184 601 3246 accuratior
617 3207 721 3246 aarum
737 3182 874 3270 cognitio
893 3184 1033 3249 difficilli·

116 3310 169 3349 ma
182 3288 338 3353 reddatur.
368 3286 469 3350 Color
486 3287 676 3348 ramulorum
692 3309 717 3347 e.
738 3311 768 3371 g.
787 3311 806 3349 a
820 3287 911 3350 solito
927 3291 1033 3353 oolore

118 3394 283 3469 recedens,
312 3404 377 3467 est,
406 3390 461 3451 ubi
483 3389 526 3452 ita
553 3390 726 3452 dissimulet
754 3391 902 3471 plantam,
923 3405 959 3453 ut
986 3414 1033 3454 ve-

119 3508 187 3558 ram
210 3494 344 3579 apeuiem
363 3494 448 3559 baud
469 3495 533 3559 aine
554 3494 683 3583 negotio
704 3516 863 3581 agnoaoae.
906 3496 1033 3559 Hanuli
