2214 4028
294 292 298 298 .
484 290 530 303 ..
583 255 607 326 0
643 265 706 339 Ι..-

23 431 27 438 “
143 415 219 479 milri
246 400 330 476 notis
359 413 420 475 hoo
449 412 541 475 unios
567 412 673 474 locum
700 406 761 474 hab
816 411 853 474 in
882 410 916 476 S.
946 414 1056 477 lanato.

144 524 178 590 2)
199 516 332 581 Gemma
358 513 393 575 in
414 510 502 597 apios
521 512 637 578 ramuli
663 516 803 579 annotini
823 516 939 579 emittit
959 541 1058 581 amen-

141 608 210 683 ¹tum
230 630 261 682 et
287 619 499 701 pedunculus,
528 616 580 680 oui
608 617 739 696 insidet,
761 640 899 683 orosoera
933 625 1057 713 pergit,

52 781 55 788 ,
142 722 219 787 folin
239 718 336 806 inquo
356 743 462 784 eorum
484 720 581 787 axillis
604 719 795 807 insequentis
818 724 890 811 anni
917 746 1058 810 gemmas

141 824 219 900 fert,
253 838 299 887 est
311 825 389 888 ideo
402 825 576 906 persistens
597 838 627 887 et
646 825 807 907 continuat
824 848 958 891 ramum.
991 831 1059 895 Hoo

143 927 237 991 habet
255 930 360 991 looum
380 929 412 990 in
432 929 463 992 S.
486 929 518 992 S.
539 929 716 1003 retioulata‚
745 928 914 1008 herbacea,
946 935 1058 1017 polari,
1097 994 1099 1009 ,

128 1040 248 1095 ¹'retusa
269 1046 302 1096 et
323 1056 386 1097 nra
410 1034 487 1097 ursi.
526 1039 561 1106 3)
583 1026 716 1099 Gemma
741 1033 918 1098 terminalis
945 1050 978 1099 et
995 1037 1058 1120 ple»
1096 1014 1099 1059 Ι

142 1156 276 1219 rumque
295 1139 402 1221 plures
431 1138 489 1202 sub
511 1162 548 1203 ea
567 1151 807 1223 prorumpentes
836 1144 977 1204 ramulos
995 1156 1055 1204 tan-

142 1250 210 1302 tum
231 1239 383 1303 foliiferos
401 1243 607 1324 protrudunt,
640 1262 783 1330 gemmae
804 1240 926 1305 florales
951 1245 1057 1306 looum

129 1344 286 1407 obtinent
313 1343 372 1405 sub
402 1347 532 1428 gemmis
561 1346 712 1410 foliorum
740 1348 780 1411 ad
811 1338 889 1410 latus
916 1346 1054 1407 ramulo-

127 1466 213 1508 *rom
220 1446 425 1510 novellorum.
445 1449 514 1511 Hoo
522 1451 617 1512 modo
630 1471 662 1512 ae
673 1449 787 1512 habent
797 1462 926 1513 onetatas
934 1467 1050 1522 omues,

131 1570 223 1632 quae
236 1551 667 1637 mihiiunotueruntspeoies,
688 1553 773 1635 apud
793 1557 920 1637 quael)
936 1552 1054 1635 pedun-

141 1653 234 1715 nulus
262 1671 316 1719 aut
342 1658 472 1722 omnino·
501 1676 564 1718 non
588 1655 704 1740 prodit,
729 1654 782 1717 'ant
801 1656 970 1718 admodum
991 1677 1058 1718 eur·

91 1830 94 1835 ,
141 1768 193 1819 tus
214 1774 269 1837 est,
292 1775 322 1825 et
343 1762 432 1848 qnam
455 1760 618 1822 inohoatus
636 1770 772 1855 tnntnru²
792 1768 823 1835 et
840 1772 1000 1819 amentum
1020 1762 1057 1821 in

90 1850 112 1869 '⁸
141 1858 211 1924 basi
232 1865 350 1948 aliquot
372 1865 504 1941 debilia,
537 1861 773 1948 squamiformia·
786 1856 859 1925 folia
876 1857 954 1937 fort3
988 1884 1055 1946 quo

139 1958 178 2026 fit
207 1979 364 2029 amentum
390 1958 533 2045 laterale,
562 1968 686 2044 sessile,
712 1966 780 2031 basi
804 1966 991 2031 braoteatum
1011 2004 1052 2016 -

50 2050 53 2065 ’
130 2060 248 2143 ''re19)
268 2071 462 2154 pedunculus
491 2074 640 2136 excrescit
667 2071 700 2133 in
729 2074 895 2149 ramuinm,
914 2073 1055 2135 bratteae

141 2174 239 2252 paulo
262 2178 410 2241 remotius
429 2191 583 2260 apparent
603 2190 632 2241 et
652 2198 725 2240 vera
745 2176 809 2260 jam
825 2196 947 2239 evasere
968 2170 1055 2255 folia,

142 2296 222 2356 quae
244 2289 348 2341 tamen
369 2280 530 2342 suillarum
558 2280 688 2368 gummis
710 2262 831 2358 nerent}
855 2278 941 2341 hino.
954 2280 1057 2344 oritur

126 2393 296 2444 ·nmentum
326 2383 469 2461 laterale,
504 2385 765 2467 pedunculatum,
799 2382 981 2469 psdnnoulo
1009 2384 1056 2449 fo-

141 2481 226 2544 liato.
288 2487 370 2551 illud
398 2487 433 2552 fit
459 2488 493 2549 in
521 2487 665 2552 omnibus
687 2487 1057 2571 amentissprseooeihns,

141 2585 202 2649 hoo
221 2587 255 2649 in
278 2589 419 2652 serotinis
441 2605 472 2653 et
487 2591 630 2673 pluribus
652 2592 829 2673 coaetaneis
870 2590 957 2653 Raro
977 2593 1055 2673 haeo

19 2702 22 2711 '
127 2703 217 2755 nota
248 2691 448 2755 mutationem
475 2693 559 2755 subit
584 2707 614 2756 et
634 2718 753 2778 paucae
779 2706 898 2759 numm
921 2697 1054 2779 speeies,

141 2817 167 2859 e.
189 2820 221 2881 g.
239 2796 272 2861 S.
294 2799 405 2863 limosa
425 2796 527 2860 ferunt
547 2820 608 2873 nna
635 2799 667 2859 in
695 2800 809 2883 stirpe,
835 2798 886 2861 rol
904 2810 1055 2884 tanquam

141 2901 272 2965 varietas
304 2904 425 2968 duabus
460 2902 494 2965 in
531 2901 681 2985 stirpibus
715 2917 834 2983 amenta
868 2902 1054 2966 minusculis

141 3005 294 3089 equameis
334 3007 416 3068 foliis
445 3006 668 3089 oironmsepta‚
706 3030 804 3094 eoquo
835 3006 1051 3092 psdnnoulata,

133 3109 220 3173 reris
241 3121 271 3170 et
292 3111 404 3192 partim
426 3108 548 3195 maguis
568 3108 652 3172 foliis
672 3111 706 3173 in
729 3111 917 3195 pedunoulo.
950 3110 1048 3175 Etiam

139 3210 173 3272 in
202 3209 249 3272 his
278 3208 515 3274 formationibus
541 3213 657 3291 exserit⁸
679 3229 791 3278 natura
817 3229 848 3279 at
879 3215 1048 3280 ubertatem

139 3335 301 3399 nunquam
328 3313 500 3378 exhaustam
526 3329 556 3378 et
582 3318 690 3380 mirem
717 3318 749 3378 iu
778 3315 928 3404 fingendo
957 3318 1051 3380 soler-

139 3416 215 3479 tiam
236 3429 266 3479 et
287 3417 474 3502 agilitatem3
504 3420 710 3504 adspernatus·
727 3418 865 3481 virorum
888 3420 1052 3483 doctorum

140 3519 231 3583 nimis
258 3518 449 3584 festinantem
480 3522 515 3585 in
544 3523 734 3587 exstruendis
762 3535 960 3606 systematum
987 3544 1053 3588 ear·
