2214 4028
432 236 681 306 ...27-

89 392 236 458 autlioro·
272 390 390 457 'Variat
409 411 437 460 ot
456 386 651 479 stigmatibus
672 391 768 456 oblon
793 392 1016 455 odiosaribust

90 477 127 541 8.
158 477 261 537 rubra
288 474 400 538 Smith·
418 479 440 537 Ι.
462 499 504 552 o.;
534 480 611 555 etss
638 476 774 562 stigmat'
800 496 836 537 us
865 473 1018 559 elongatio

95 555 314 620 filiformihns:
336 558 369 621 8.
391 558 560 641 Forbyans
580 558 689 622 Smitli.
711 557 783 619 brit
803 559 951 641 plote,
973 577 1018 619 se-

100 640 235 722 cundum
257 641 427 722 specimina
447 639 576 702 feminea
598 642 686 714 sicca,
753 662 789 702 ae
810 638 925 701 amicus
933 639 1018 701 Men-

98 737 166 784 tens
185 742 223 784 cx
243 722 339 785 horto
359 722 461 805 ipsius
486 723 601 785 author
620 721 688 789 tlon
709 663 784 784 {lit
812 722 924 783 attulit.
965 720 1016 783 Cl-

95 801 199 866 Smitla
226 803 263 865 in
294 804 379 867 Rees
400 803 592 887 Cyclopedia
620 804 746 887 quidem
775 805 902 880 asserit,
929 802 1018 884 plan·
1051 821 1054 827 ·

92 899 159 948 tam
181 887 373 962 masmilam,
403 908 497 971 quam
519 887 661 950 nondum
685 885 768 961 vidi,
797 886 929 953 stamine
949 885 1020 947 uni·

92 990 131 1033 oo
154 988 215 1030 neo
235 964 310 1030 fisso
337 968 521 1030 instructam
543 989 634 1043 esse?
657 969 714 1029 sed
733 965 895 1045 femineam
924 966 965 1031 sd
985 966 1017 1029 8.

91 1048 230 1113 rubram
263 1070 319 1111 neo
346 1050 386 1112 ed
416 1047 448 1111 8.
478 1071 669 1133 purpuream
703 1050 856 1132 pertinere
865 1052 880 1125 ,'
909 1048 1018 1127 nullus

93 1130 224 1194 dubito.
264 1130 379 1195 Ambae
399 1130 551 1195 indicatae
572 1130 731 1193 varietates
752 1130 1019 1215 circaErlangsm

93 1209 331 1295 vulgatissimae
360 1226 450 1294 sunt,
487 1211 669 1309 ibidemque
696 1212 827 1275 varietas
855 1213 916 1275 alia
942 1210 1018 1291 satis

99 1291 248 1377 frequens
269 1295 406 1359 occurrit
425 1308 453 1375 ’γ
480 1292 564 1357 foliis
585 1307 673 1357 etiam
695 1294 812 1357 adultis
832 1295 951 1380 pagina
970 1294 1019 1357 in-

96 1374 212 1453 feriore
240 1375 447 1461 pubescentia
477 1376 570 1439 denso
599 1376 712 1439 sericea
739 1376 845 1451 tectim
880 1399 898 1440 a
927 1374 1020 1441 salico

93 1456 241 1527 viminali
267 1458 344 1521 liaeo
371 1458 527 1522 interdum
557 1480 652 1557 aegre
674 1458 896 1544 distinguitur,
927 1468 1019 1543 atquo

91 1538 265 1623 hybridam
284 1541 408 1626 prolem
435 1561 453 1603 e
473 1539 567 1603 salice
588 1539 727 1603 viminali
752 1553 782 1602 ct
801 1540 897 1603 rubra
917 1552 1020 1604 ortam

95 1642 166 1681 esse
188 1641 311 1684 censeo.
351 1621 456 1706 Hujus
482 1622 634 1687 varietatis
663 1621 781 1684 surculi
807 1622 948 1707 juniores
969 1644 1020 1684 ve·

99 1700 168 1789 goti
187 1702 319 1851 ¹stipugo
335 1702 546 1849 elpnglitudinso
573 1702 684 1847 petiplli
713 1702 867 1849 insti-pacti.
887 1718 959 1849 mint
989 1714 1020 1768 et

96 1804 254 1849 ramnum
306 1832 313 1847 .
364 1810 422 1868 spu
436 1808 502 1847 sns-
543 1808 583 1847 m.
612 1809 645 1848 ss
670 1807 792 1849 enemo
824 1809 844 1847 n
938 1810 1020 1849 men·

89 1876 127 1928 ta
148 1876 254 2008 tpmcn
274 1866 309 1931 8.
330 1868 532 1969 rubeaqaec
551 1866 585 1931 8.
607 1868 762 1933 viminalis
789 1867 841 1932 vel
860 1868 1019 1952 stipularis

92 1969 160 2010 sun
324 1967 328 1987 ⁴
970 1964 982 1985 ’
1009 1986 1012 1991 ·

116 2149 126 2165 ι
182 2067 264 2131 Hel).
286 2068 327 2133 ad
345 2069 448 2167 ripas,
466 2070 583 2148 fossos,
604 2073 640 2135 in
661 2071 742 2135 loeis
762 2072 899 2136 humidis
920 2072 1019 2167 planif-

97 2163 220 2213 -tserom
241 2162 272 2211 et
291 2164 439 2215 montium
458 2154 665 2217 humiliorum
687 2154 825 2230 Galliae,
848 2155 1019 2233 Helvetiae,

98 2230 310 2307 Germaniae,
331 2230 507 2322 Hungssiae
529 2250 558 2299 et
578 2236 836 2323 Transsylvaniae
843 2261 852 2315 3
874 2236 1019 2303 boreales

84 2314 249 2409 ¹regiones
267 2311 359 2401 lugd.
380 2340 409 2381 s.
430 2341 458 2382 s.
480 2341 527 2404 sp.
545 2331 575 2382 et
595 2342 622 2381 e.

179 2526 305 2592 Cohors
325 2529 366 2594 V.
406 2530 657 2598 VIMINALES.
718 2531 917 2598 Amenta
956 2535 1020 2597 la·

94 2613 291 2674 teralia
331 2615 567 2692 sessilis,
617 2616 839 2701 squamis
880 2616 1020 2700 apioo

95 2693 533 2760 inanescentibus
574 2696 648 2762 vel
688 2699 821 2763 atris.
883 2699 1018 2760 Stam

99 2773 307 2841 sslibera
340 2779 512 2841 ra-rins
540 2780 648 2842 basi
679 2791 906 2854 connata,
948 2802 1019 2842 aa·

100 2856 266 2920 theris
303 2858 584 2924 defloratis
619 2862 794 2924 luteis.
845 2857 1019 2943 Capsu·
1064 2896 1066 2900 .

98 2938 1020 3023 la'esessilssvclbreviterpedicel·

95 3022 254 3098 latae,
282 3022 549 3106 pedicello
584 3025 867 3087 neoterium
894 3025 1019 3091 haud

95 3117 384 3187 superante.
431 3106 582 3168 Folia
612 3108 854 3191 elongata
893 3105 1019 3172 inte.

94 3182 320 3271 ges-sima
359 3189 436 3250 vel
472 3187 658 3251 minute
691 3188 1020 3253 denticulata

94 3266 520 3335 subtustomento
542 3269 737 3334 sericeo
764 3271 1050 3355 selopaeo·

94 3349 332 3413 obducta.

107 3488 110 3495 '
178 3472 313 3537 Amenta
333 3496 464 3559 prorsus
477 3478 601 3554 sessilis,
623 3476 789 3562 praecocia
808 3476 859 3537 vel
871 3476 1018 3540 subcons-

93 3566 208 3633 tanea,
243 3555 313 3620 basi
349 3556 435 3623 foliis
462 3560 566 3645 parvis
602 3557 900 3647 squamaesormibus
927 3556 1016 3638 fulta,
