2214 4028
605 166 612 176 l

274 238 277 249 ι
364 240 383 247 ··
483 228 559 293 '2
615 240 643 253 r.
742 250 744 255 ,

438 259 484 271 -
611 260 656 272 -

173 380 333 444 Linnaeua
361 381 395 443 in
423 381 594 445 editionum
616 381 811 471 specierum¹
828 364 1007 466 plantarum

92 504 169 571 quas
197 484 266 569 ipae
298 486 468 561 accuravit,
501 483 686 563 norissima,
716 486 855 548 Salicum
884 491 1005 572 3111111-

92 591 154 654 cies
184 589 347 664 exstruxit,
376 612 507 674 quarum
535 589 614 650 duae
644 584 781 664 exoticas
813 607 892 653 sunt.
957 596 1004 656 Ex

92 690 156 778 'quo
187 692 276 754 valde
303 693 426 776 quidem
448 707 557 756 auctus
575 705 631 754 =est
650 714 755 754 earum
777 719 942 774 numerua3
973 714 1005 758 at

92 810 183 859 notae
204 798 463 860 characteristicae
493 798 544 859 rel
565 796 676 879 petitae
703 811 776 860 aunt
798 821 833 860 ex
852 800 1001 881 ejusmodi

57 901 245 995 '‘attributis
267 923 291 961 s.
315 902 431 988 signis,
462 922 540 985 quse
558 901 641 961 varie
664 883 830 964 'mutentur
855 927 910 965 nec
933 927 1001 987 per-

90 1020 188 1089 petuo
216 1005 395 1081 inhaerent,
431 1007 482 1069 vel
516 1006 670 1067 desumtae
700 1004 739 1064 sb
771 1027 832 1066 uno
866 1009 1001 1070 alterove

91 1107 260 1194 specimine
285 1110 452 1183 exsiccato,
486 1109 568 1168 unde
589 1102 654 1167 fieri
675 1107 759 1168 huud
778 1111 895 1189 potuit,
926 1113 1003 1195 quin

90 1214 207 1276 multae
229 1212 464 1275 admitterentur
485 1209 614 1292 species,
637 1232 716 1294 quae
736 1212 908 1293 plantarum
931 1217 1001 1277 loco

91 1317 183 1380 natali
205 1315 341 1399 penitius
360 1328 541 1399 perspectae
565 1326 595 1375 et
618 1313 793 1398 diligentius
815 1317 1002 1380 examinatae

91 1444 157 1486 sese
180 1419 349 1504 proderent
377 1420 515 1504 spurias,
544 1440 608 1503 qno
637 1419 782 1502 paulatim
811 1416 999 1478 inextricabi-

91 1525 130 1586 lia
159 1522 224 1586 fere
251 1514 411 1587 difficultas
436 1526 470 1586 in
508 1523 684 1610 digerendis
718 1521 876 1604 speciebus
912 1539 1001 1584 enata

90 1642 143 1693 est
187 1628 246 1697 vix
265 1629 431 1712 reperiam,
452 1632 506 1713 qui
525 1650 574 1692 ms
591 1627 1002 1714 impugnent-autumnalem

89 1730 306 1816 pautainsimcs¹
324 1731 498 1797 betericus,
512 1732 572 1795 hoc
600 1754 698 1814 genua
726 1728 862 1814 penitus
876 1755 1001 1817 perspe-

76 1830 176 1901 ctum
203 1830 324 1900 haberess
374 1837 410 1899 ln
441 1838 579 1901 Reea’s
602 1835 697 1899 New
719 1835 1000 1920 Cyclopaedia

92 1950 274 2017 (recusante
295 1941 326 2003 b.
349 1939 402 2002 Sir
421 1940 482 2005 Ed.
505 1939 645 2009 Smith)
668 1953 810 2001 notarum
832 1941 1000 2022 specierum

90 2026 237 2111 numerus
264 2066 363 2128 usque
393 2046 432 2111 ad
461 2045 517 2111 141
546 2042 691 2117 accrevit,
725 2035 841 2127 quibus
876 2044 1003 2127 iusuper

38 2222 41 2229 ,
68 2125 242 2213 'anteeant
268 2148 307 2215 41
327 2149 441 2230 spent
476 2171 494 2210 a
521 2144 768 2210 wnrdenow
799 2146 1033 2230 1111111111»

89 2253 203 2319 tunicis
221 2265 400 2327 exstructae,
420 2250 451 2313 at
471 2251 504 2312 in
524 2246 651 2313 Smithii
671 2250 900 2319 enumeratione
921 2253 1005 2316 haud

90 2377 207 2422 censes.
261 2355 379 2416 Herum
413 2360 470 2425 182
491 2353 663 2438 specierum
694 2357 732 2419 17
755 2352 885 2413 exoticas
921 2370 1002 2419 suut.

90 2461 120 2529 E
145 2457 272 2523 caeteris
295 2461 352 2526 135
375 2460 538 2542 pleresque
561 2452 721 2519 observari
749 2453 843 2517 visas.
885 2455 1003 2521 Sclrlei-

90 2567 200 2629 cherua
243 2561 291 2624 hir
331 2567 388 2633 135
420 2564 523 2649 ¹udhuc
557 2559 670 2644 adjecit
708 2566 782 2635 119,
827 2583 904 2644 quae
937 2585 1003 2627 om-

89 2691 145 2733 ues
175 2667 256 2737 intra
284 2679 433 2751 angustos
455 2664 666 2729 Helvetiorum
696 2661 771 2725 fines
795 2681 1001 2749 congesserat,

90 2771 204 2856 quibus
221 2769 312 2832 etiam
328 2769 449 2849 additia.
461 2768 598 2831 omnium
621 2787 730 2829 census
747 2768 809 2851 ism
829 2769 931 2852 explet
947 2771 1011 2831 du-¹

91 2877 290 2961 duceuterum
307 2873 536 2959 quinquaginta
555 2882 691 2954 quatuor
710 2873 880 2955 specierum
896 2895 1000 2933 nume-

90 3002 176 3054 rem3
189 2979 290 3047 sedin
300 2980 346 3039 his
355 2976 449 3041 novis
460 2975 631 3059 speciebus,
650 2976 843 3060 quaaipaaiu
855 2976 1003 3040 ditissime

91 3083 180 3151 amici
201 3083 265 3147 mei
286 3082 337 3142 Ze
347 3081 384 3141 ih
394 3079 453 3142 eri
465 3079 649 3143 collectione
664 3079 730 3141 vidi
743 3093 771 3142 et
786 3081 950 3143 examinavi
964 3104 1003 3144 ne

91 3208 154 3255 un
167 3187 293 3272 quidem
313 3184 479 3258 insanitur,
499 3207 594 3267 quam
615 3182 726 3244 merito
742 3183 853 3251 dixeris
873 3207 1002 3247 novum:

93 3292 275 3356 variationes
296 3311 401 3352 revera
429 3302 502 3349 aunt
520 3287 691 3372 specierum
715 3286 832 3349 dudum
849 3300 1003 3364 notarum,

92 3397 155 3459 imo
181 3396 346 3479 pleraeque
377 3404 448 3453 sunt
475 3389 592 3453 formae
621 3389 713 3453 unius
739 3387 847 3451 Salicia
876 3389 1004 3470 phylici-

91 3501 184 3568 foliae
209 3499 292 3563 notis
317 3495 527 3561 levidensibus
555 3497 738 3581 aberrantes.
800 3490 1002 3567 Haeomnes
