2214 4028
146 375 243 494 popio
263 372 340 437 fecta
364 388 409 438 est
428 387 476 439 tot
496 376 685 459 specierum,
708 374 784 463 quo't
804 381 862 481 vix
873 379 954 442 ali-bi
967 403 1067 443 unum

19 539 22 549 ,
68 485 104 529 ·¹-
151 478 183 540 in
203 481 309 541 locum
330 492 494 565 congestae
513 481 621 543 chriae
640 494 738 543 eruut.

231 578 362 646 Constat
391 603 482 646 omne
509 587 689 668 plantarum
716 604 815 670 genua
845 580 1068 670 bobererquod

151 686 190 752 sit
211 680 492 770 cujusquelmrm3
525 690 611 772 quod
643 686 718 772 quid
743 687 801 762 sit,
835 687 898 748 nisi
919 691 1064 754 coutimra

151 789 414 873 contemplatione
434 790 558 855 rimeris
582 790 772 864 etextricea,
799 810 959 873 nunquam
979 795 1061 856 adee-

151 894 271 978 qoerie3
303 907 334 955 at
362 893 444 954 houd
472 894 507 956 in
535 897 596 958 olio
623 898 729 981 plauto
757 894 939 978 inquirende
967 921 1065 982 eaque

150 1020 272 1062 necesse
295 1010 340 1061 eat
360 997 531 1116 peculiares
551 1013 639 1061 notae
663 1013 692 1061 et
713 1012 809 1060 totam
832 999 956 1080 plantae
976 1003 1066 1065 indo·

99 1163 102 1173 ,
149 1104 210 1165 lem
233 1102 354 1165 suisio
372 1101 475 1190 agris,
504 1104 629 1186 suisque
648 1100 680 1163 in
703 1103 796 1186 sylvis
818 1103 907 1186 prius
929 1108 1065 1187 specula-

149 1206 195 1282 ri,
230 1206 342 1269 deinde
376 1203 549 1266 eandem'
540 1225 572 1265 ιιι
601 1204 701 1266 bortis
741 1206 857 1266 cultam
890 1207 1064 1290 observare,

150 1331 243 1401 quem
262 1310 295 1371 in
318 1292 454 1372 Salicum
477 1308 589 1392 genere
611 1310 671 1371 boc
690 1309 863 1371 necessario
885 1311 1060 1395 requiritur.

52 1428 58 1439 “
111 1422 113 1433 '
150 1413 215 1496 Qui
243 1426 295 1475 aut
324 1435 359 1475 ex
387 1435 450 1476 uno
471 1411 605 1474 alterove
628 1413 815 1498 specimine,
845 1428 896 1476 aut
920 1438 935 1477 e
955 1414 1061 1498 plante

148 1519 182 1582 in
198 1519 289 1580 horto
311 1517 437 1578 educata
456 1537 567 1578 novam
590 1530 719 1590 conetur
739 1524 892 1581 exstruere
916 1519 1060 1601 speeiem,
1089 1500 1098 1517 Χ

58 1693 65 1705 ⁶
148 1625 180 1685 in
209 1621 378 1684 enarranda
408 1619 475 1702 ejus
503 1619 610 1682 indole
632 1634 661 1683 et
683 1621 765 1682 notis
795 1621 912 1705 ubique
933 1623 1062 1686 halluci-

143 1725 217 1789 nari
256 1720 454 1806 periclitetur.
515 1722 588 1788 ldeo
621 1747 656 1787 ex
702 1737 767 1787 tota
807 1722 1060 1811 Salicologcrum

147 1828 244 1904 serie,
279 1849 316 1888 ex
358 1825 490 1886 Linuaei
532 1848 627 1903 aero,
662 1850 743 1892 unus
786 1822 1058 1916 Wehleuberg

146 1947 264 1998 tontum
293 1927 407 1989 Salices
436 1943 519 1992 recte
548 1945 578 1993 et
603 1932 762 2029 praeclare
797 1931 964 2017 descripsit.
1029 1933 1059 1994 le

147 2040 229 2103 enim
268 2032 484 2116 Lepponium,
523 2033 710 2110 Helvetium,
753 2034 898 2127 Carpatei
934 2050 1059 2098 montes

147 2144 306 2207 etiterum
323 2134 466 2200 sueciam
488 2159 656 2225 peragrans
677 2138 827 2223 ubique
818 2163 850 2202 ιιι
869 2139 950 2217 locis
972 2162 987 2201 a
1007 2163 1059 2199 na-

146 2261 215 2327 tura
242 2242 288 2304 lris
318 2240 480 2303 arboribus
511 2256 541 2303 et
573 2235 735 2303 fruticibus
762 2206 919 2308 destinetis
947 2244 980 2305 in
1010 2264 1057 2304 eo-

144 2371 215 2413 rum
238 2344 375 2427 indolem
403 2343 581 2428 inquisivit,
610 2356 638 2405 et
661 2345 746 2407 illiue
768 2347 900 2433 vestigia
920 2369 1060 2432 premen-

145 2453 170 2514 ti
197 2470 293 2531 aeque
320 2448 465 2512 suecessit
503 2446 671 2535 clarissimo
699 2446 878 2534 Seringe
922 2453 1059 2534 ejusdem

145 2552 268 2640 generis
291 2538 473 2637 diligentior
496 2564 525 2612 et
547 2552 719 2663 accuratior
732 2555 952 2647 pervestigatio
967 2577 1059 2639 quam

145 2785 197 2826 eus
215 2781 281 2821 sum
305 2770 335 2819 et
354 2756 406 2819 hic
428 2754 573 2835 efferos
562 2781 595 2820 ιιι
617 2780 680 2843 quo
701 2760 879 2821 adornando
900 2694 1060 2821 interdurn

76 2846 84 2856 ’
145 2862 270 2951 quidem
298 2862 428 2925 dissensi
457 2854 582 2925 ab'tnis
600 2863 692 2937 viris,
719 2874 918 2947 conspectum
941 2861 1066 2941 specie--

142 2991 211 3031 rom
234 2988 465 3050 europaeorum.
505 2965 619 3028 ¹Doleo
641 2968 727 3051 quod
750 2961 968 3031 Willdenowii
988 2963 1059 3026 her-

142 3072 264 3134 barium
286 3065 425 3133 conferre
444 3090 509 3131 non
531 3070 634 3146 limis,
671 3072 758 3154 quod
776 3074 849 3152 'quo
872 3052 977 3128 ιιιίιιιιεΙ
995 3068 1056 3126 adi-

142 3196 209 3238 rem
231 3188 262 3237 et
284 3175 478 3236 consulerem
502 3194 551 3236 me
570 3173 734 3258 prohibuit
753 3172 897 3236 valetudo
918 3193 953 3233 ex
971 3169 1054 3232 bien·

143 3281 197 3342 nio
218 3274 284 3340 fere
302 3274 434 3340 infirme.

122 3460 125 3469 Ἢ
205 3380 256 3442 ·Ιιι
286 3381 462 3443 ordinando
494 3400 608 3464 genere
645 3390 676 3440 et
715 3396 773 3460 per
800 3375 916 3457 species
955 3375 1057 3436 dietri-

141 3480 267 3550 lruendo
290 3484 322 3546 ¹si
352 3485 584 3571 adpropinqua
609 3481 705 3546 'simili
734 3479 883 3551 similem,
913 3498 979 3540 non
1006 3499 1053 3539 so·
